
----------------------------------------------------------------
Make sure to run the following commands from the command line:

pdflatex latex_source_code.tex
bibtex latex_source_code.aux
pdflatex latex_source_code.tex
pdflatex latex_source_code.tex

----------------------------------------------------------------

@article{propagation,
	author = "Xiaojin Zhu and Zoubin Ghagramani",
	title = "Learning from Labeled and Unlabeled Data with Label Propagation",
	journal = "CMU-CALD-02-107",
	year = "2002",
}

